%YAML 1.1
%TAG !u! tag:unity3d.com,2011:
--- !u!1 &6619037853153448524
GameObject:
  m_ObjectHideFlags: 0
  m_CorrespondingSourceObject: {fileID: 0}
  m_PrefabInstance: {fileID: 0}
  m_PrefabAsset: {fileID: 0}
  serializedVersion: 6
  m_Component:
  - component: {fileID: 6619037853153448521}
  - component: {fileID: 8374678983696703743}
  - component: {fileID: 6619037853153448526}
  - component: {fileID: 6619037853153448527}
  - component: {fileID: -5483238979108449180}
  m_Layer: 0
  m_Name: Food
  m_TagString: food
  m_Icon: {fileID: 0}
  m_NavMeshLayer: 0
  m_StaticEditorFlags: 0
  m_IsActive: 1
--- !u!4 &6619037853153448521
Transform:
  m_ObjectHideFlags: 0
  m_CorrespondingSourceObject: {fileID: 0}
  m_PrefabInstance: {fileID: 0}
  m_PrefabAsset: {fileID: 0}
  m_GameObject: {fileID: 6619037853153448524}
  m_LocalRotation: {x: 0, y: 0, z: 0, w: 1}
  m_LocalPosition: {x: 0, y: 0, z: 0}
  m_LocalScale: {x: 1, y: 1, z: 1}
  m_Children:
  - {fileID: 2491531234220969738}
  - {fileID: 6221585365909518553}
  m_Father: {fileID: 0}
  m_RootOrder: 0
  m_LocalEulerAnglesHint: {x: 0, y: 0, z: 0}
--- !u!54 &8374678983696703743
Rigidbody:
  m_ObjectHideFlags: 0
  m_CorrespondingSourceObject: {fileID: 0}
  m_PrefabInstance: {fileID: 0}
  m_PrefabAsset: {fileID: 0}
  m_GameObject: {fileID: 6619037853153448524}
  serializedVersion: 2
  m_Mass: 3
  m_Drag: 0
  m_AngularDrag: 0.05
  m_UseGravity: 1
  m_IsKinematic: 0
  m_Interpolate: 0
  m_Constraints: 0
  m_CollisionDetection: 0
--- !u!114 &6619037853153448526
MonoBehaviour:
  m_ObjectHideFlags: 0
  m_CorrespondingSourceObject: {fileID: 0}
  m_PrefabInstance: {fileID: 0}
  m_PrefabAsset: {fileID: 0}
  m_GameObject: {fileID: 6619037853153448524}
  m_Enabled: 1
  m_EditorHideFlags: 0
  m_Script: {fileID: 11500000, guid: 882ded788fd0c5b488b03256dd9a25e5, type: 3}
  m_Name: 
  m_EditorClassIdentifier: 
  foodImage: {fileID: 0}
  name: 
--- !u!114 &6619037853153448527
MonoBehaviour:
  m_ObjectHideFlags: 0
  m_CorrespondingSourceObject: {fileID: 0}
  m_PrefabInstance: {fileID: 0}
  m_PrefabAsset: {fileID: 0}
  m_GameObject: {fileID: 6619037853153448524}
  m_Enabled: 1
  m_EditorHideFlags: 0
  m_Script: {fileID: 11500000, guid: 715b742a7b48af44988908d5c84404a0, type: 3}
  m_Name: 
  m_EditorClassIdentifier: 
  lifetime: 40
  onFoodDie:
    m_PersistentCalls:
      m_Calls:
      - m_Target: {fileID: 6619037853153448526}
        m_TargetAssemblyTypeName: 
        m_MethodName: Decay
        m_Mode: 1
        m_Arguments:
          m_ObjectArgument: {fileID: 0}
          m_ObjectArgumentAssemblyTypeName: UnityEngine.Object, UnityEngine
          m_IntArgument: 0
          m_FloatArgument: 0
          m_StringArgument: 
          m_BoolArgument: 0
        m_CallState: 2
  onTimeUpdate:
    m_PersistentCalls:
      m_Calls:
      - m_Target: {fileID: 4224154624977782534}
        m_TargetAssemblyTypeName: 
        m_MethodName: set_fillAmount
        m_Mode: 0
        m_Arguments:
          m_ObjectArgument: {fileID: 0}
          m_ObjectArgumentAssemblyTypeName: UnityEngine.Object, UnityEngine
          m_IntArgument: 0
          m_FloatArgument: 0
          m_StringArgument: 
          m_BoolArgument: 0
        m_CallState: 2
      - m_Target: {fileID: 3444560905986914938}
        m_TargetAssemblyTypeName: 
        m_MethodName: SetProgress
        m_Mode: 0
        m_Arguments:
          m_ObjectArgument: {fileID: 0}
          m_ObjectArgumentAssemblyTypeName: UnityEngine.Object, UnityEngine
          m_IntArgument: 0
          m_FloatArgument: 0
          m_StringArgument: 
          m_BoolArgument: 0
        m_CallState: 2
--- !u!114 &-5483238979108449180
MonoBehaviour:
  m_ObjectHideFlags: 0
  m_CorrespondingSourceObject: {fileID: 0}
  m_PrefabInstance: {fileID: 0}
  m_PrefabAsset: {fileID: 0}
  m_GameObject: {fileID: 6619037853153448524}
  m_Enabled: 1
  m_EditorHideFlags: 0
  m_Script: {fileID: 11500000, guid: 715b742a7b48af44988908d5c84404a0, type: 3}
  m_Name: 
  m_EditorClassIdentifier: 
  lifetime: 60
  onFoodDie:
    m_PersistentCalls:
      m_Calls:
      - m_Target: {fileID: 6619037853153448526}
        m_TargetAssemblyTypeName: Food, Assembly-CSharp
        m_MethodName: SelfDestruct
        m_Mode: 1
        m_Arguments:
          m_ObjectArgument: {fileID: 0}
          m_ObjectArgumentAssemblyTypeName: UnityEngine.Object, UnityEngine
          m_IntArgument: 0
          m_FloatArgument: 0
          m_StringArgument: 
          m_BoolArgument: 0
        m_CallState: 2
  onTimeUpdate:
    m_PersistentCalls:
      m_Calls: []
--- !u!64 &3089660256443462400
MeshCollider:
  m_ObjectHideFlags: 0
  m_CorrespondingSourceObject: {fileID: 0}
  m_PrefabInstance: {fileID: 0}
  m_PrefabAsset: {fileID: 0}
  m_GameObject: {fileID: 7380331585529904968}
  m_Material: {fileID: 0}
  m_IsTrigger: 0
  m_Enabled: 1
  serializedVersion: 4
  m_Convex: 1
  m_CookingOptions: 30
  m_Mesh: {fileID: 3736213754101489272, guid: 20d4cc2ac60dd2943b8450716dd5fa8c, type: 3}
--- !u!1001 &1273848794015910696
PrefabInstance:
  m_ObjectHideFlags: 0
  serializedVersion: 2
  m_Modification:
    m_TransformParent: {fileID: 6619037853153448521}
    m_Modifications:
    - target: {fileID: 2641235379630715430, guid: 97fc20e38d9a87541954f7be977f929f,
        type: 3}
      propertyPath: m_Name
      value: HealthBar
      objectReference: {fileID: 0}
    - target: {fileID: 2766087256058078539, guid: 97fc20e38d9a87541954f7be977f929f,
        type: 3}
      propertyPath: m_LocalScale.x
      value: 1.8
      objectReference: {fileID: 0}
    - target: {fileID: 2766087256058078539, guid: 97fc20e38d9a87541954f7be977f929f,
        type: 3}
      propertyPath: m_LocalScale.y
      value: 1.8
      objectReference: {fileID: 0}
    - target: {fileID: 2766087256058078539, guid: 97fc20e38d9a87541954f7be977f929f,
        type: 3}
      propertyPath: m_LocalScale.z
      value: 1.2082
      objectReference: {fileID: 0}
    - target: {fileID: 5186489084787225585, guid: 97fc20e38d9a87541954f7be977f929f,
        type: 3}
      propertyPath: m_Pivot.x
      value: 0.5
      objectReference: {fileID: 0}
    - target: {fileID: 5186489084787225585, guid: 97fc20e38d9a87541954f7be977f929f,
        type: 3}
      propertyPath: m_Pivot.y
      value: 0.5
      objectReference: {fileID: 0}
    - target: {fileID: 5186489084787225585, guid: 97fc20e38d9a87541954f7be977f929f,
        type: 3}
      propertyPath: m_RootOrder
      value: 1
      objectReference: {fileID: 0}
    - target: {fileID: 5186489084787225585, guid: 97fc20e38d9a87541954f7be977f929f,
        type: 3}
      propertyPath: m_AnchorMax.x
      value: 0
      objectReference: {fileID: 0}
    - target: {fileID: 5186489084787225585, guid: 97fc20e38d9a87541954f7be977f929f,
        type: 3}
      propertyPath: m_AnchorMax.y
      value: 0
      objectReference: {fileID: 0}
    - target: {fileID: 5186489084787225585, guid: 97fc20e38d9a87541954f7be977f929f,
        type: 3}
      propertyPath: m_AnchorMin.x
      value: 0
      objectReference: {fileID: 0}
    - target: {fileID: 5186489084787225585, guid: 97fc20e38d9a87541954f7be977f929f,
        type: 3}
      propertyPath: m_AnchorMin.y
      value: 0
      objectReference: {fileID: 0}
    - target: {fileID: 5186489084787225585, guid: 97fc20e38d9a87541954f7be977f929f,
        type: 3}
      propertyPath: m_SizeDelta.x
      value: 1
      objectReference: {fileID: 0}
    - target: {fileID: 5186489084787225585, guid: 97fc20e38d9a87541954f7be977f929f,
        type: 3}
      propertyPath: m_SizeDelta.y
      value: 1
      objectReference: {fileID: 0}
    - target: {fileID: 5186489084787225585, guid: 97fc20e38d9a87541954f7be977f929f,
        type: 3}
      propertyPath: m_LocalScale.x
      value: 0.55
      objectReference: {fileID: 0}
    - target: {fileID: 5186489084787225585, guid: 97fc20e38d9a87541954f7be977f929f,
        type: 3}
      propertyPath: m_LocalScale.y
      value: 0.55
      objectReference: {fileID: 0}
    - target: {fileID: 5186489084787225585, guid: 97fc20e38d9a87541954f7be977f929f,
        type: 3}
      propertyPath: m_LocalScale.z
      value: 1
      objectReference: {fileID: 0}
    - target: {fileID: 5186489084787225585, guid: 97fc20e38d9a87541954f7be977f929f,
        type: 3}
      propertyPath: m_LocalPosition.x
      value: 0
      objectReference: {fileID: 0}
    - target: {fileID: 5186489084787225585, guid: 97fc20e38d9a87541954f7be977f929f,
        type: 3}
      propertyPath: m_LocalPosition.y
      value: 0
      objectReference: {fileID: 0}
    - target: {fileID: 5186489084787225585, guid: 97fc20e38d9a87541954f7be977f929f,
        type: 3}
      propertyPath: m_LocalPosition.z
      value: 0
      objectReference: {fileID: 0}
    - target: {fileID: 5186489084787225585, guid: 97fc20e38d9a87541954f7be977f929f,
        type: 3}
      propertyPath: m_LocalRotation.w
      value: 0.7071068
      objectReference: {fileID: 0}
    - target: {fileID: 5186489084787225585, guid: 97fc20e38d9a87541954f7be977f929f,
        type: 3}
      propertyPath: m_LocalRotation.x
      value: 0.7071068
      objectReference: {fileID: 0}
    - target: {fileID: 5186489084787225585, guid: 97fc20e38d9a87541954f7be977f929f,
        type: 3}
      propertyPath: m_LocalRotation.y
      value: 0
      objectReference: {fileID: 0}
    - target: {fileID: 5186489084787225585, guid: 97fc20e38d9a87541954f7be977f929f,
        type: 3}
      propertyPath: m_LocalRotation.z
      value: 0
      objectReference: {fileID: 0}
    - target: {fileID: 5186489084787225585, guid: 97fc20e38d9a87541954f7be977f929f,
        type: 3}
      propertyPath: m_AnchoredPosition.x
      value: 0
      objectReference: {fileID: 0}
    - target: {fileID: 5186489084787225585, guid: 97fc20e38d9a87541954f7be977f929f,
        type: 3}
      propertyPath: m_AnchoredPosition.y
      value: 0.0395
      objectReference: {fileID: 0}
    - target: {fileID: 5186489084787225585, guid: 97fc20e38d9a87541954f7be977f929f,
        type: 3}
      propertyPath: m_LocalEulerAnglesHint.x
      value: 90
      objectReference: {fileID: 0}
    - target: {fileID: 5186489084787225585, guid: 97fc20e38d9a87541954f7be977f929f,
        type: 3}
      propertyPath: m_LocalEulerAnglesHint.y
      value: 0
      objectReference: {fileID: 0}
    - target: {fileID: 5186489084787225585, guid: 97fc20e38d9a87541954f7be977f929f,
        type: 3}
      propertyPath: m_LocalEulerAnglesHint.z
      value: 0
      objectReference: {fileID: 0}
    m_RemovedComponents: []
  m_SourcePrefab: {fileID: 100100000, guid: 97fc20e38d9a87541954f7be977f929f, type: 3}
--- !u!224 &6221585365909518553 stripped
RectTransform:
  m_CorrespondingSourceObject: {fileID: 5186489084787225585, guid: 97fc20e38d9a87541954f7be977f929f,
    type: 3}
  m_PrefabInstance: {fileID: 1273848794015910696}
  m_PrefabAsset: {fileID: 0}
--- !u!114 &3444560905986914938 stripped
MonoBehaviour:
  m_CorrespondingSourceObject: {fileID: 4494618122630525266, guid: 97fc20e38d9a87541954f7be977f929f,
    type: 3}
  m_PrefabInstance: {fileID: 1273848794015910696}
  m_PrefabAsset: {fileID: 0}
  m_GameObject: {fileID: 0}
  m_Enabled: 1
  m_EditorHideFlags: 0
  m_Script: {fileID: 11500000, guid: f98ebf1b3b510f9418999f55fc73b179, type: 3}
  m_Name: 
  m_EditorClassIdentifier: 
--- !u!114 &4224154624977782534 stripped
MonoBehaviour:
  m_CorrespondingSourceObject: {fileID: 3112736086762130478, guid: 97fc20e38d9a87541954f7be977f929f,
    type: 3}
  m_PrefabInstance: {fileID: 1273848794015910696}
  m_PrefabAsset: {fileID: 0}
  m_GameObject: {fileID: 0}
  m_Enabled: 1
  m_EditorHideFlags: 0
  m_Script: {fileID: 11500000, guid: fe87c0e1cc204ed48ad3b37840f39efc, type: 3}
  m_Name: 
  m_EditorClassIdentifier: 
--- !u!1001 &7487523253344379920
PrefabInstance:
  m_ObjectHideFlags: 0
  serializedVersion: 2
  m_Modification:
    m_TransformParent: {fileID: 6619037853153448521}
    m_Modifications:
    - target: {fileID: -4216859302048453862, guid: 20d4cc2ac60dd2943b8450716dd5fa8c,
        type: 3}
      propertyPath: m_RootOrder
      value: 0
      objectReference: {fileID: 0}
    - target: {fileID: -4216859302048453862, guid: 20d4cc2ac60dd2943b8450716dd5fa8c,
        type: 3}
      propertyPath: m_LocalPosition.x
      value: 0
      objectReference: {fileID: 0}
    - target: {fileID: -4216859302048453862, guid: 20d4cc2ac60dd2943b8450716dd5fa8c,
        type: 3}
      propertyPath: m_LocalPosition.y
      value: 0
      objectReference: {fileID: 0}
    - target: {fileID: -4216859302048453862, guid: 20d4cc2ac60dd2943b8450716dd5fa8c,
        type: 3}
      propertyPath: m_LocalPosition.z
      value: 0
      objectReference: {fileID: 0}
    - target: {fileID: -4216859302048453862, guid: 20d4cc2ac60dd2943b8450716dd5fa8c,
        type: 3}
      propertyPath: m_LocalRotation.w
      value: 1
      objectReference: {fileID: 0}
    - target: {fileID: -4216859302048453862, guid: 20d4cc2ac60dd2943b8450716dd5fa8c,
        type: 3}
      propertyPath: m_LocalRotation.x
      value: 0
      objectReference: {fileID: 0}
    - target: {fileID: -4216859302048453862, guid: 20d4cc2ac60dd2943b8450716dd5fa8c,
        type: 3}
      propertyPath: m_LocalRotation.y
      value: -0
      objectReference: {fileID: 0}
    - target: {fileID: -4216859302048453862, guid: 20d4cc2ac60dd2943b8450716dd5fa8c,
        type: 3}
      propertyPath: m_LocalRotation.z
      value: -0
      objectReference: {fileID: 0}
    - target: {fileID: -4216859302048453862, guid: 20d4cc2ac60dd2943b8450716dd5fa8c,
        type: 3}
      propertyPath: m_LocalEulerAnglesHint.x
      value: 0
      objectReference: {fileID: 0}
    - target: {fileID: -4216859302048453862, guid: 20d4cc2ac60dd2943b8450716dd5fa8c,
        type: 3}
      propertyPath: m_LocalEulerAnglesHint.y
      value: 0
      objectReference: {fileID: 0}
    - target: {fileID: -4216859302048453862, guid: 20d4cc2ac60dd2943b8450716dd5fa8c,
        type: 3}
      propertyPath: m_LocalEulerAnglesHint.z
      value: 0
      objectReference: {fileID: 0}
    - target: {fileID: -927199367670048503, guid: 20d4cc2ac60dd2943b8450716dd5fa8c,
        type: 3}
      propertyPath: m_Name
      value: Plate
      objectReference: {fileID: 0}
    - target: {fileID: 9088354443476901801, guid: 20d4cc2ac60dd2943b8450716dd5fa8c,
        type: 3}
      propertyPath: m_LocalPosition.y
      value: 0.0023
      objectReference: {fileID: 0}
    m_RemovedComponents: []
  m_SourcePrefab: {fileID: 100100000, guid: 20d4cc2ac60dd2943b8450716dd5fa8c, type: 3}
--- !u!4 &2491531234220969738 stripped
Transform:
  m_CorrespondingSourceObject: {fileID: -4216859302048453862, guid: 20d4cc2ac60dd2943b8450716dd5fa8c,
    type: 3}
  m_PrefabInstance: {fileID: 7487523253344379920}
  m_PrefabAsset: {fileID: 0}
--- !u!1 &7380331585529904968 stripped
GameObject:
  m_CorrespondingSourceObject: {fileID: 109549579091532632, guid: 20d4cc2ac60dd2943b8450716dd5fa8c,
    type: 3}
  m_PrefabInstance: {fileID: 7487523253344379920}
  m_PrefabAsset: {fileID: 0}
