%YAML 1.1
%TAG !u! tag:unity3d.com,2011:
--- !u!64 &4506208817370483375
MeshCollider:
  m_ObjectHideFlags: 0
  m_CorrespondingSourceObject: {fileID: 0}
  m_PrefabInstance: {fileID: 0}
  m_PrefabAsset: {fileID: 0}
  m_GameObject: {fileID: 49417473858618004}
  m_Material: {fileID: 0}
  m_IsTrigger: 0
  m_Enabled: 1
  serializedVersion: 4
  m_Convex: 1
  m_CookingOptions: 30
  m_Mesh: {fileID: 4732937762076777578, guid: 89b87569cd3f7d44d9249fe00f787738, type: 3}
--- !u!1 &3355002757135076899
GameObject:
  m_ObjectHideFlags: 0
  m_CorrespondingSourceObject: {fileID: 0}
  m_PrefabInstance: {fileID: 0}
  m_PrefabAsset: {fileID: 0}
  serializedVersion: 6
  m_Component:
  - component: {fileID: 6062708028007517306}
  - component: {fileID: 2773902419198147703}
  - component: {fileID: 9011701960733233960}
  - component: {fileID: 4508654952995009323}
  m_Layer: 0
  m_Name: Cube
  m_TagString: food
  m_Icon: {fileID: 0}
  m_NavMeshLayer: 0
  m_StaticEditorFlags: 0
  m_IsActive: 0
--- !u!4 &6062708028007517306
Transform:
  m_ObjectHideFlags: 0
  m_CorrespondingSourceObject: {fileID: 0}
  m_PrefabInstance: {fileID: 0}
  m_PrefabAsset: {fileID: 0}
  m_GameObject: {fileID: 3355002757135076899}
  m_LocalRotation: {x: -0, y: -0, z: -0, w: 1}
  m_LocalPosition: {x: 0, y: 0.122, z: 0}
  m_LocalScale: {x: 0.19999999, y: 0.19999999, z: 0.19999999}
  m_Children: []
  m_Father: {fileID: 8906119753228544182}
  m_RootOrder: 1
  m_LocalEulerAnglesHint: {x: 0, y: 0, z: 0}
--- !u!33 &2773902419198147703
MeshFilter:
  m_ObjectHideFlags: 0
  m_CorrespondingSourceObject: {fileID: 0}
  m_PrefabInstance: {fileID: 0}
  m_PrefabAsset: {fileID: 0}
  m_GameObject: {fileID: 3355002757135076899}
  m_Mesh: {fileID: 10202, guid: 0000000000000000e000000000000000, type: 0}
--- !u!23 &9011701960733233960
MeshRenderer:
  m_ObjectHideFlags: 0
  m_CorrespondingSourceObject: {fileID: 0}
  m_PrefabInstance: {fileID: 0}
  m_PrefabAsset: {fileID: 0}
  m_GameObject: {fileID: 3355002757135076899}
  m_Enabled: 1
  m_CastShadows: 1
  m_ReceiveShadows: 1
  m_DynamicOccludee: 1
  m_MotionVectors: 1
  m_LightProbeUsage: 1
  m_ReflectionProbeUsage: 1
  m_RayTracingMode: 2
  m_RayTraceProcedural: 0
  m_RenderingLayerMask: 1
  m_RendererPriority: 0
  m_Materials:
  - {fileID: 2100000, guid: 6d5520da9d186ac499352194ea05e137, type: 2}
  m_StaticBatchInfo:
    firstSubMesh: 0
    subMeshCount: 0
  m_StaticBatchRoot: {fileID: 0}
  m_ProbeAnchor: {fileID: 0}
  m_LightProbeVolumeOverride: {fileID: 0}
  m_ScaleInLightmap: 1
  m_ReceiveGI: 1
  m_PreserveUVs: 0
  m_IgnoreNormalsForChartDetection: 0
  m_ImportantGI: 0
  m_StitchLightmapSeams: 1
  m_SelectedEditorRenderState: 3
  m_MinimumChartSize: 4
  m_AutoUVMaxDistance: 0.5
  m_AutoUVMaxAngle: 89
  m_LightmapParameters: {fileID: 0}
  m_SortingLayerID: 0
  m_SortingLayer: 0
  m_SortingOrder: 0
  m_AdditionalVertexStreams: {fileID: 0}
--- !u!65 &4508654952995009323
BoxCollider:
  m_ObjectHideFlags: 0
  m_CorrespondingSourceObject: {fileID: 0}
  m_PrefabInstance: {fileID: 0}
  m_PrefabAsset: {fileID: 0}
  m_GameObject: {fileID: 3355002757135076899}
  m_Material: {fileID: 0}
  m_IsTrigger: 0
  m_Enabled: 1
  serializedVersion: 2
  m_Size: {x: 1, y: 1, z: 1}
  m_Center: {x: 0, y: 0, z: 0}
--- !u!64 &8887289029474819073
MeshCollider:
  m_ObjectHideFlags: 0
  m_CorrespondingSourceObject: {fileID: 0}
  m_PrefabInstance: {fileID: 0}
  m_PrefabAsset: {fileID: 0}
  m_GameObject: {fileID: 7424520573700196821}
  m_Material: {fileID: 0}
  m_IsTrigger: 0
  m_Enabled: 1
  serializedVersion: 4
  m_Convex: 1
  m_CookingOptions: 30
  m_Mesh: {fileID: -7843526606762953986, guid: 89b87569cd3f7d44d9249fe00f787738, type: 3}
--- !u!1001 &2324824295631862527
PrefabInstance:
  m_ObjectHideFlags: 0
  serializedVersion: 2
  m_Modification:
    m_TransformParent: {fileID: 0}
    m_Modifications:
    - target: {fileID: 1497706000556162329, guid: 91ca12cb8f8f16240b336fa59912b453,
        type: 3}
      propertyPath: m_TagString
      value: food
      objectReference: {fileID: 0}
    - target: {fileID: 3821888330052008206, guid: 91ca12cb8f8f16240b336fa59912b453,
        type: 3}
      propertyPath: m_TagString
      value: food
      objectReference: {fileID: 0}
    - target: {fileID: 6221585365909518553, guid: 91ca12cb8f8f16240b336fa59912b453,
        type: 3}
      propertyPath: m_RootOrder
      value: 2
      objectReference: {fileID: 0}
    - target: {fileID: 6619037853153448521, guid: 91ca12cb8f8f16240b336fa59912b453,
        type: 3}
      propertyPath: m_RootOrder
      value: 0
      objectReference: {fileID: 0}
    - target: {fileID: 6619037853153448521, guid: 91ca12cb8f8f16240b336fa59912b453,
        type: 3}
      propertyPath: m_LocalPosition.x
      value: 0.8898256
      objectReference: {fileID: 0}
    - target: {fileID: 6619037853153448521, guid: 91ca12cb8f8f16240b336fa59912b453,
        type: 3}
      propertyPath: m_LocalPosition.y
      value: 1.9599843
      objectReference: {fileID: 0}
    - target: {fileID: 6619037853153448521, guid: 91ca12cb8f8f16240b336fa59912b453,
        type: 3}
      propertyPath: m_LocalPosition.z
      value: -0.8857316
      objectReference: {fileID: 0}
    - target: {fileID: 6619037853153448521, guid: 91ca12cb8f8f16240b336fa59912b453,
        type: 3}
      propertyPath: m_LocalRotation.w
      value: 1
      objectReference: {fileID: 0}
    - target: {fileID: 6619037853153448521, guid: 91ca12cb8f8f16240b336fa59912b453,
        type: 3}
      propertyPath: m_LocalRotation.x
      value: 0
      objectReference: {fileID: 0}
    - target: {fileID: 6619037853153448521, guid: 91ca12cb8f8f16240b336fa59912b453,
        type: 3}
      propertyPath: m_LocalRotation.y
      value: 0
      objectReference: {fileID: 0}
    - target: {fileID: 6619037853153448521, guid: 91ca12cb8f8f16240b336fa59912b453,
        type: 3}
      propertyPath: m_LocalRotation.z
      value: 0
      objectReference: {fileID: 0}
    - target: {fileID: 6619037853153448521, guid: 91ca12cb8f8f16240b336fa59912b453,
        type: 3}
      propertyPath: m_LocalEulerAnglesHint.x
      value: 0
      objectReference: {fileID: 0}
    - target: {fileID: 6619037853153448521, guid: 91ca12cb8f8f16240b336fa59912b453,
        type: 3}
      propertyPath: m_LocalEulerAnglesHint.y
      value: 0
      objectReference: {fileID: 0}
    - target: {fileID: 6619037853153448521, guid: 91ca12cb8f8f16240b336fa59912b453,
        type: 3}
      propertyPath: m_LocalEulerAnglesHint.z
      value: 0
      objectReference: {fileID: 0}
    - target: {fileID: 6619037853153448524, guid: 91ca12cb8f8f16240b336fa59912b453,
        type: 3}
      propertyPath: m_Name
      value: TentacleFood
      objectReference: {fileID: 0}
    - target: {fileID: 6619037853153448524, guid: 91ca12cb8f8f16240b336fa59912b453,
        type: 3}
      propertyPath: m_TagString
      value: food
      objectReference: {fileID: 0}
    - target: {fileID: 6619037853153448526, guid: 91ca12cb8f8f16240b336fa59912b453,
        type: 3}
      propertyPath: name
      value: Tentacle
      objectReference: {fileID: 0}
    - target: {fileID: 6619037853153448526, guid: 91ca12cb8f8f16240b336fa59912b453,
        type: 3}
      propertyPath: foodImage
      value: 
      objectReference: {fileID: 21300000, guid: 604f593eb2416824081a5f41b191125b,
        type: 3}
    m_RemovedComponents: []
  m_SourcePrefab: {fileID: 100100000, guid: 91ca12cb8f8f16240b336fa59912b453, type: 3}
--- !u!4 &8906119753228544182 stripped
Transform:
  m_CorrespondingSourceObject: {fileID: 6619037853153448521, guid: 91ca12cb8f8f16240b336fa59912b453,
    type: 3}
  m_PrefabInstance: {fileID: 2324824295631862527}
  m_PrefabAsset: {fileID: 0}
--- !u!1001 &4331657361897742095
PrefabInstance:
  m_ObjectHideFlags: 0
  serializedVersion: 2
  m_Modification:
    m_TransformParent: {fileID: 8906119753228544182}
    m_Modifications:
    - target: {fileID: -8679921383154817045, guid: 89b87569cd3f7d44d9249fe00f787738,
        type: 3}
      propertyPath: m_RootOrder
      value: 3
      objectReference: {fileID: 0}
    - target: {fileID: -8679921383154817045, guid: 89b87569cd3f7d44d9249fe00f787738,
        type: 3}
      propertyPath: m_LocalScale.x
      value: 10
      objectReference: {fileID: 0}
    - target: {fileID: -8679921383154817045, guid: 89b87569cd3f7d44d9249fe00f787738,
        type: 3}
      propertyPath: m_LocalScale.y
      value: 10
      objectReference: {fileID: 0}
    - target: {fileID: -8679921383154817045, guid: 89b87569cd3f7d44d9249fe00f787738,
        type: 3}
      propertyPath: m_LocalScale.z
      value: 10
      objectReference: {fileID: 0}
    - target: {fileID: -8679921383154817045, guid: 89b87569cd3f7d44d9249fe00f787738,
        type: 3}
      propertyPath: m_LocalPosition.x
      value: 0.602
      objectReference: {fileID: 0}
    - target: {fileID: -8679921383154817045, guid: 89b87569cd3f7d44d9249fe00f787738,
        type: 3}
      propertyPath: m_LocalPosition.y
      value: 0
      objectReference: {fileID: 0}
    - target: {fileID: -8679921383154817045, guid: 89b87569cd3f7d44d9249fe00f787738,
        type: 3}
      propertyPath: m_LocalPosition.z
      value: -0.26
      objectReference: {fileID: 0}
    - target: {fileID: -8679921383154817045, guid: 89b87569cd3f7d44d9249fe00f787738,
        type: 3}
      propertyPath: m_LocalRotation.w
      value: 1
      objectReference: {fileID: 0}
    - target: {fileID: -8679921383154817045, guid: 89b87569cd3f7d44d9249fe00f787738,
        type: 3}
      propertyPath: m_LocalRotation.x
      value: 0
      objectReference: {fileID: 0}
    - target: {fileID: -8679921383154817045, guid: 89b87569cd3f7d44d9249fe00f787738,
        type: 3}
      propertyPath: m_LocalRotation.y
      value: 0
      objectReference: {fileID: 0}
    - target: {fileID: -8679921383154817045, guid: 89b87569cd3f7d44d9249fe00f787738,
        type: 3}
      propertyPath: m_LocalRotation.z
      value: 0
      objectReference: {fileID: 0}
    - target: {fileID: -8679921383154817045, guid: 89b87569cd3f7d44d9249fe00f787738,
        type: 3}
      propertyPath: m_LocalEulerAnglesHint.x
      value: 0
      objectReference: {fileID: 0}
    - target: {fileID: -8679921383154817045, guid: 89b87569cd3f7d44d9249fe00f787738,
        type: 3}
      propertyPath: m_LocalEulerAnglesHint.y
      value: 0
      objectReference: {fileID: 0}
    - target: {fileID: -8679921383154817045, guid: 89b87569cd3f7d44d9249fe00f787738,
        type: 3}
      propertyPath: m_LocalEulerAnglesHint.z
      value: 0
      objectReference: {fileID: 0}
    - target: {fileID: 919132149155446097, guid: 89b87569cd3f7d44d9249fe00f787738,
        type: 3}
      propertyPath: m_Name
      value: tentacle
      objectReference: {fileID: 0}
    - target: {fileID: 919132149155446097, guid: 89b87569cd3f7d44d9249fe00f787738,
        type: 3}
      propertyPath: m_TagString
      value: food
      objectReference: {fileID: 0}
    - target: {fileID: 1171549304580213878, guid: 89b87569cd3f7d44d9249fe00f787738,
        type: 3}
      propertyPath: m_Materials.Array.data[0]
      value: 
      objectReference: {fileID: 2100000, guid: 9cb5e6933ed9c89418f21a9d139b6a95, type: 2}
    - target: {fileID: 3590086638062959488, guid: 89b87569cd3f7d44d9249fe00f787738,
        type: 3}
      propertyPath: m_Materials.Array.data[0]
      value: 
      objectReference: {fileID: 2100000, guid: 89ae7764e1019fa4ea92443652f38185, type: 2}
    - target: {fileID: 4373755574485294491, guid: 89b87569cd3f7d44d9249fe00f787738,
        type: 3}
      propertyPath: m_TagString
      value: food
      objectReference: {fileID: 0}
    - target: {fileID: 6562889748348933850, guid: 89b87569cd3f7d44d9249fe00f787738,
        type: 3}
      propertyPath: m_TagString
      value: food
      objectReference: {fileID: 0}
    m_RemovedComponents: []
  m_SourcePrefab: {fileID: 100100000, guid: 89b87569cd3f7d44d9249fe00f787738, type: 3}
--- !u!1 &7424520573700196821 stripped
GameObject:
  m_CorrespondingSourceObject: {fileID: 6562889748348933850, guid: 89b87569cd3f7d44d9249fe00f787738,
    type: 3}
  m_PrefabInstance: {fileID: 4331657361897742095}
  m_PrefabAsset: {fileID: 0}
--- !u!1 &49417473858618004 stripped
GameObject:
  m_CorrespondingSourceObject: {fileID: 4373755574485294491, guid: 89b87569cd3f7d44d9249fe00f787738,
    type: 3}
  m_PrefabInstance: {fileID: 4331657361897742095}
  m_PrefabAsset: {fileID: 0}
